@misc{fynbus2023,
    title = {Fynbus Pendlertjek},
    note = {Last accessed 12 December 2023},
    url = {https://fynbuspendlertjek.dk/},
    whoPublished = {Fynbus},
}
