@misc{openstreetmap,
    title = {OpenStreetMap provides map data for thousands of websites, mobile apps, and hardware devices},
    note = {Last accessed 15 December 2023},
    url = {https://www.openstreetmap.org/about},
    whoPublished = {OpenStreetMap},
}
