@misc{price_zones,
    howpublished = {DSB},
    title = {Storzoner. Sjælland, Lolland, Falster og Møn},
    note = {Last accessed 24 November 2023},
    url = {https://www.dsb.dk/globalassets/pdf/trafikinformation/storezoner-22.pdf}
}

@misc{price_calculator,
    howpublished = {Rejsekort},
    title = {Beregn pris på rejse},
    note = {Last accessed 24 November 2023},
    url = {https://www.rejseplanen.dk/bin/query.exe/mn?L=vs_rkfc}
}

@misc{price_sheet,
    howpublished = {DSB},
    title = {Prisblad for rejser som inkluderer tog på Fyn og i Jylland},
    note = {Last accessed 24 November 2023},
    url = {https://www.dsb.dk/globalassets/priser_og_zoner/2023/000000_priser_rabatter_jylland_fyn_a4_15_jan23.pdf}
}

@misc{price_ung,
    howpublished = {Uddannelses- og Forskningsstyrelsen},
    title = {Priser og satser},
    note = {Last accessed 24 November 2023},
    url = {https://www.ungdomskort.dk/priser/}
}
