@misc{IBMrestapi,
    title = {What is a REST API?},
    note = {Last accessed 12 November},
    url = {https://www.ibm.com/topics/rest-apis},
    whoPublished = {IBM},
}

@misc{APIwiki,
    title = {API},
    note = {Last accessed 12 November},
    url = {https://en.wikipedia.org/wiki/API},
    whoPublished = {Wikipedia},
}
