@misc{retirement,
    howpublished = {Nordic Co-operation},
    title = {Danish retirement pension},
    note = {Last accessed 11 November 2023},
    url = {https://www.norden.org/en/info-norden/danish-retirement-pension}
}

@misc{primary_school,
    howpublished = {Nordic Co-operation},
    title = {Elementary school in Denmark},
    note = {Last accessed 11 November 2023},
    url = {https://www.norden.org/en/info-norden/elementary-school-denmark}
}

@misc{secondary_school,
    howpublished = {Scholaro},
    title = {Education System in Denmark},
    note = {Last accessed 11 November 2023},
    url = {https://www.scholaro.com/db/Countries/Denmark/Education-System}
}

@misc{om_rejseplanen,
    howpublished = {Rejseplanen},
    title = {Mere om Rejseplanen},
    note = {Last accessed 11 November 2023},
    url = {https://help.rejseplanen.dk/hc/da/articles/115000127329-Mere-om-Rejseplanen}
}

@misc{thispersondoesnotexist,
    author = {Phillip Wang},
    title = {This Person Does Not Exist},
    year = {2019},
    note = {Last accessed 11 November 2023},
    url = {https://thispersondoesnotexist.com/}
}
