@misc{rejseplanen2023,
    title = {Mere om rejseplanen},
    note = {Last accessed 11 November 2023},
    url = {https://help.rejseplanen.dk/hc/da/articles/115000127329-Mere-om-Rejseplanen},
    whoPublished = {Rejseplanen},
}

@misc{googlemaps2023,
    title = {Google Maps},
    note = {Last accessed 11 November 2023},
    url = {https://en.wikipedia.org/wiki/Google_Maps},
    whoPublished = {Wikipedia},
}

@misc{applemaps2023,
    title = {Apple Maps},
    note = {Last accessed 11 November 2023},
    url = {https://en.wikipedia.org/wiki/Apple_Maps},
    whoPublished = {Wikipedia},
}

@misc{googlemapsAR2023,
    title = {What is Google Maps AR navigation and Live View and how do you use it?},
    note = {Last accessed 11 November 2023},
    url = {https://www.pocket-lint.com/what-is-google-maps-ar-navigation-live-view/},
    whoPublished = {Chris Hall},
}
