
@misc{dsb2023,
    author = {DSB},
    title = {Miljøopgørelse 2022},
    urldate = {Last accessed 23 November 2023},
    date = {2023},
    url = {https://www.dsb.dk/globalassets/arsrapport/2022/miljoarsopgorelse-2022.pdf}
}

@misc{cowi2022,
    author = {COWI},
    title = {DSB Sammenligning af emissionsfaktorer},
    urldate = {Last accessed 23 November 2023},
    date = {2022},
    url = {https://www.dsb.dk/globalassets/om-dsb/baeredygtighed/sammenligning_af_emissionsfaktorer.pdf}
}

@misc{ntm2023,
    author = {NTM},
    title = {Bus travel baselines},
    urldate = {Last accessed 23 November 2023},
    date = {2023},
    url = {https://www.transportmeasures.org/en/wiki/evaluation-transport-suppliers/bus-travel-baselines/}
}

