@misc{erhvervspendling2021,
    author = {Pernille Stender},
    title = {Erhvervspendling},
    howpublished = {Danmarks Statistik},
    year = {2021},
    url = {https://www.dst.dk/da/Statistik/emner/arbejde-og-indkomst/beskaeftigede/erhvervspendling},
}

@misc{spark2023,
    author = {spark},
    title = {How important is sustainability to shoppers and consumers?},
    howpublished = {Spark Emotions},
    year = {2023},
    url = {https://sparkemotions.com/2023/06/06/how-important-is-sustainability-to-shoppers-and-consumers/},
}

@misc{capgemini2020,
    author = {Capgemini Research Institute},
    title = {Consumer Products and Retail: How sustainability is fundamentally changing consumer preferences},
    howpublished = {Capgemini},
    year = {2020},
    url = {https://www.capgemini.com/gb-en/news/press-releases/sustainability-in-cpr/},
}

@book{koslowsky2013,
    author = {Meni Koslowsky, Avraham N. Kluger, Mordechai Reich},
    title = {Commuting Stress: Causes, Effects, and Methods of Coping},
    publisher = {Springer},
    year = {2013},
}

@misc{bankrate2023,
    author = {Ivana Pino},
    title = {Average cost of commuting in 2023},
    howpublished = {Bankrate},
    year = {2023},
    url = {https://www.bankrate.com/finance/credit-cards/average-cost-of-commuting/},
}

@misc{commuting-time2022,
    author = {Libin Han and Chong Pend and Zhenyu Xu},
    title = {The Effect of Commuting Time on Quality of Life: Evidence from China},
    howpublished = {National Library of Medicine},
    year = {2022},
    url = {https://www.ncbi.nlm.nih.gov/pmc/articles/PMC9819363/},
}
