@online{placeholder2023,
    author = {Test},
    title = {Test},
    date = {2023},
    url = {https://cepos.dk/abcepos-artikler/0103-udviklingen-i-oekonomisk-ulighed-under-6-statsministre/},
}
