@book{bek2022,
    author = {Patrick Bek},
    title = {No Bicycle, No Bus, No Job},
    date = {2022},
}

@online{cepos2023,
    author = {CEPOS},
    title = {Udviklingen i Ã¸konomisk ulighed under 6 statsministre},
    date = {2023},
    url = {https://cepos.dk/abcepos-artikler/0103-udviklingen-i-oekonomisk-ulighed-under-6-statsministre/},
}

@online{statistikbanken2023,
    author = {Danmarks Statistik},
    title = {Statistikbanken},
    date = {2023},
    url = {https://www.statistikbanken.dk/statbank5a/default.asp?w=1920},
}

@article{mulacic2020,
    author = {Mulalic, Ismir; Rouwendal, Jan},
    title = {Does improving public transport decrease car ownership? Evidence from a residential sorting model for the
 Copenhagen metropolitan area},
    journal = {Regional Science and Urban Economics},
    year = {2020},
}
