@misc{content_based_filtering,
    title = {Essentials of recommendation engines},
    note = {Last accessed 16 December 2023},
    url = {https://towardsdatascience.com/
essentials-of-recommendation-engines-content-based-and-collaborative-filtering-31521c964922},
    whoPublished = {Jonathan Leban},
}

@misc{collaborative_filtering,
    title = {Introduction to collaborative filtering},
    note = {Last accessed 16 December 2023},
    url = {https://www.analyticsvidhya.com/blog/2022/02/introduction-to-collaborative-filtering/},
    whoPublished = {Shivam Baldha},
}
