@book{alma9921355859805762,
    year = {2022},
    abstract = {This book focuses on active transport as a way to increase physical activity levels. Active commuting
 and active transportation on foot or by bicycle create opportunities for physical activity, provide transportation
 options for those without a car, encourage social cohesion, and reduce contributions to air pollution.},
    author = {Marques, Adilson and Marques, Adilson},
    address = {Basel},
    keywords = {Humanities},
    language = {eng},
    publisher = {MDPI - Multidisciplinary Digital Publishing Institute},
    title = {Active Commuting and Active Transportation},
    isbn = {3-0365-6150-1},
}


@misc{commuting-and-your-health,
    author = {Deanna Pai},
    title = {5 Ways Your Commute Affects Your Health},
    url = {https://telehealth.keckmedicine.org/blog/commuting-and-your-health/},
    year = {2019},
    month = {October},
    day = {23},
}
