@misc{pitchfork-layout,
    author = {},
    title = {The Pitchfork Layout},
    url = {https://api.csswg.org/bikeshed/?force=1&url=https://raw.githubusercontent.com/vector-of-bool/pitchfork/develop/data/spec.bs},
}
