@misc{trunk-based,
    author = {Paul Hammant et al.},
    title = {Trunk Based Development: Introduction},
    url = {https://trunkbaseddevelopment.com/}
}

@misc{shared-config,
    author = {JetBrains},
    title = {Share IDE settings},
    url = {https://www.jetbrains.com/help/clion/sharing-your-ide-settings.html}
}

@misc{google-style,
    author = {Google},
    title = {Google C++ Style Guide},
    url = {https://google.github.io/styleguide/cppguide.html}
}

@misc{clang-tidy,
    author = {The Clang Team},
    title = {Clang-Tidy},
    url = {https://clang.llvm.org/extra/clang-tidy/}
}

@misc{clang-format,
    author = {The Clang Team},
    title = {ClangFormat},
    url = {https://clang.llvm.org/docs/ClangFormat.html}
}

@misc{editor-config,
    author = {EditorConfig},
    title = {EditorConfig},
    url = {https://editorconfig.org/}
}
