@misc{rejseplanen2023,
    title = {Mere om rejseplanen},
    note = {Last accessed 11 November 2023},
    url = {https://help.rejseplanen.dk/hc/da/articles/115000127329-Mere-om-Rejseplanen},
    whoPublished = {Rejseplanen},
}

@misc{googlemaps2023,
    title = {Google Maps},
    note = {Last accessed 11 November 2023},
    url = {https://en.wikipedia.org/wiki/Google_Maps},
    whoPublished = {Wikipedia},
}

@misc{applemaps2023,
    title = {Apple Maps},
    note = {Last accessed 11 November 2023},
    url = {https://en.wikipedia.org/wiki/Apple_Maps},
    whoPublished = {Wikipedia},
}
