@Book{how-to,
    author = {Some Guy},
    title = {How to write "Hello, world!" in 10 easy lessons},
    publisher = {Gyldendal},
    year = {2023},
}

@Online{Befolkningstal,
    author = {Danmarks Statistik},
    title = {Befolkningstal},
    publisher = {Danmarks Statistik},
    year = {2023},
    url = {https://www.dst.dk/da/Statistik/emner/borgere/befolkning/befolkningstal},
}



