@misc{Rejseplanen,
    title = {Mere om rejseplanen},
    note = {Last accessed 11 November 2023},
    url = {https://help.rejseplanen.dk/hc/da/articles/115000127329-Mere-om-Rejseplanen},
    whoPublished = {Rejseplanen},
}


@misc{GoogleMaps,
    title = {Google Maps},
    note = {Last accessed 11 November 2023},
    url = {https://en.wikipedia.org/wiki/Google_Maps},
    whoPublished = {Wikipedia},
}
